[gd_scene load_steps=12 format=2]

[ext_resource path="res://tests/Enguerrand/SceneTest/Genie.scn" type="PackedScene" id=1]
[ext_resource path="res://tests/Enguerrand/SceneTest/Ninny.scn" type="PackedScene" id=2]
[ext_resource path="res://tests/Enguerrand/SceneTest/Nigaud.scn" type="PackedScene" id=3]
[ext_resource path="res://tests/Enguerrand/SceneTest/SM_BoardSide_Tron_01_A_1.tscn" type="PackedScene" id=4]
[ext_resource path="res://tests/Enguerrand/SceneTest/SM_BoardSideEffect.tscn" type="PackedScene" id=5]
[ext_resource path="res://tests/Enguerrand/SceneTest/SM_HeadQuartersPlatform_Tron_01_A_1.tscn" type="PackedScene" id=6]
[ext_resource path="res://tests/Enguerrand/SceneTest/SM_BoardCenter_Tron_01_A_1.tscn" type="PackedScene" id=7]
[ext_resource path="res://tests/Enguerrand/SceneTest/SM_BoardWall_Tron_01_A_1.tscn" type="PackedScene" id=8]
[ext_resource path="res://tests/Enguerrand/SceneTest/SM_BoardProjectors_Tron_01_A_1.tscn" type="PackedScene" id=9]
[ext_resource path="res://tests/Enguerrand/SceneTest/SM_HeadQuartersPlatform_Tron_02_A_1.tscn" type="PackedScene" id=10]

[sub_resource type="Environment" id=1]
ambient_light_color = Color( 0.14902, 0.203922, 0.254902, 1 )
ambient_light_energy = 0.5
ssao_enabled = true
ssao_intensity = 10.0

[node name="Spatial" type="Spatial"]

[node name="SM_BoardSide_Tron_01_A_1" parent="." instance=ExtResource( 4 )]

[node name="SM_BoardCenter_Tron_01_A_1" parent="." instance=ExtResource( 7 )]

[node name="SM_BoardSideEffect_01_A_1" parent="." instance=ExtResource( 5 )]
transform = Transform( 1, 0, 0, 0, 1.64345, 0, 0, 0, 1, 0.0222931, -0.166698, -0.00660419 )

[node name="SM_HeadQuartersPlatform_Tron_01_A_1" parent="." instance=ExtResource( 6 )]
transform = Transform( -1, 0, -1.50996e-07, 0, 1, 0, 1.50996e-07, 0, -1, 0, 2.66, -6.5 )

[node name="SM_HeadQuartersPlatform_Tron_01_A_2" parent="." instance=ExtResource( 6 )]
transform = Transform( -1, 0, -1.50996e-07, 0, 1, 0, 1.50996e-07, 0, -1, 0, 2.66, 6.5 )

[node name="Camera" type="Camera" parent="."]
transform = Transform( -1.62921e-07, -0.731354, 0.681998, 0, 0.681998, 0.731354, -1, 1.19153e-07, -1.11112e-07, 11.685, 11.5, 0 )
keep_aspect = 0
fov = 50.0

[node name="InterpolatedCamera" type="InterpolatedCamera" parent="Camera"]

[node name="DirectionalLight" type="DirectionalLight" parent="."]
transform = Transform( -1.62921e-07, -0.731354, 0.681998, -1.07439e-14, 0.681998, 0.731354, -1, 1.19153e-07, -1.11112e-07, 11.685, 11.5, 0 )
light_color = Color( 0.67451, 0.952941, 1, 1 )
light_energy = 0.5
shadow_enabled = true
shadow_color = Color( 0.270588, 0.345098, 0.435294, 1 )
shadow_bias = 0.0
directional_shadow_split_1 = 0.2

[node name="TeamBlue" type="Spatial" parent="."]

[node name="SKM_Ninny_collada" parent="TeamBlue" instance=ExtResource( 2 )]
transform = Transform( 1, 0, 0, 0, 1, 0, 0, 0, 1, -2.5, 0, -3 )

[node name="SKM_Ninny_collada2" parent="TeamBlue" instance=ExtResource( 2 )]
transform = Transform( 1, 0, 0, 0, 1, 0, 0, 0, 1, -2.5, 0, -2 )

[node name="SKM_Ninny_collada3" parent="TeamBlue" instance=ExtResource( 2 )]
transform = Transform( 1, 0, 0, 0, 1, 0, 0, 0, 1, -2.5, 0, -1 )

[node name="SKM_Ninny_collada4" parent="TeamBlue" instance=ExtResource( 2 )]
transform = Transform( 1, 0, 0, 0, 1, 0, 0, 0, 1, -2.5, 0, 0 )

[node name="SKM_Ninny_collada5" parent="TeamBlue" instance=ExtResource( 2 )]
transform = Transform( 1, 0, 0, 0, 1, 0, 0, 0, 1, -2.5, 0, 1 )

[node name="SKM_Ninny_collada6" parent="TeamBlue" instance=ExtResource( 2 )]
transform = Transform( 1, 0, 0, 0, 1, 0, 0, 0, 1, -2.5, 0, 2 )

[node name="SKM_Ninny_collada7" parent="TeamBlue" instance=ExtResource( 2 )]
transform = Transform( 1, 0, 0, 0, 1, 0, 0, 0, 1, -2.5, 0, 3 )

[node name="SKM_Ninny_collada8" parent="TeamBlue" instance=ExtResource( 2 )]
transform = Transform( 0.79214, 0, 0.610339, 0, 1, 0, -0.610339, 0, 0.79214, -6.41513, 1.76393, 0.959639 )

[node name="SKM_Ninny_collada9" parent="TeamBlue" instance=ExtResource( 2 )]
transform = Transform( 0.998502, 0, -0.0547062, 0, 1, 0, 0.0547062, 0, 0.998502, -6.51399, 1.87045, 0.232984 )

[node name="SKM_Ninny_collada10" parent="TeamBlue" instance=ExtResource( 2 )]
transform = Transform( 0.813101, 0, -0.582123, 0, 1, 0, 0.582123, 0, 0.813101, -6.02088, 1.85135, -0.60369 )

[node name="SKM_Nigaud_collada" parent="TeamBlue" instance=ExtResource( 3 )]
transform = Transform( 1, 0, 0, 0, 1, 0, 0, 0, 1, -3.5, 0, -2 )

[node name="SKM_Nigaud_collada2" parent="TeamBlue" instance=ExtResource( 3 )]
transform = Transform( 1, 0, 0, 0, 1, 0, 0, 0, 1, -3.5, 0, -1 )

[node name="SKM_Nigaud_collada3" parent="TeamBlue" instance=ExtResource( 3 )]
transform = Transform( 1, 0, 0, 0, 1, 0, 0, 0, 1, -3.5, 0, 1 )

[node name="SKM_Nigaud_collada4" parent="TeamBlue" instance=ExtResource( 3 )]
transform = Transform( 1, 0, 0, 0, 1, 0, 0, 0, 1, -3.5, 0, 2 )

[node name="SKM_Genie_collada" parent="TeamBlue" instance=ExtResource( 1 )]
transform = Transform( 1, 0, 0, 0, 1, 0, 0, 0, 1, -3.5, 0, 0 )

[node name="TeamOrange" type="Spatial" parent="."]
transform = Transform( -1, 0, -1.50996e-07, 0, 1, 0, 1.50996e-07, 0, -1, 0, 0, 0 )

[node name="SKM_Ninny_collada" parent="TeamOrange" instance=ExtResource( 2 )]
transform = Transform( 1, 0, 0, 0, 1, 0, 0, 0, 1, -2.5, 0, -3 )

[node name="SKM_Ninny_collada2" parent="TeamOrange" instance=ExtResource( 2 )]
transform = Transform( 1, 0, 0, 0, 1, 0, 0, 0, 1, -2.5, 0, -2 )

[node name="SKM_Ninny_collada3" parent="TeamOrange" instance=ExtResource( 2 )]
transform = Transform( 1, 0, 0, 0, 1, 0, 0, 0, 1, -2.5, 0, -1 )

[node name="SKM_Ninny_collada4" parent="TeamOrange" instance=ExtResource( 2 )]
transform = Transform( 1, 0, 0, 0, 1, 0, 0, 0, 1, -2.5, 0, 0 )

[node name="SKM_Ninny_collada5" parent="TeamOrange" instance=ExtResource( 2 )]
transform = Transform( 1, 0, 0, 0, 1, 0, 0, 0, 1, -2.5, 0, 1 )

[node name="SKM_Ninny_collada6" parent="TeamOrange" instance=ExtResource( 2 )]
transform = Transform( 1, 0, 0, 0, 1, 0, 0, 0, 1, -2.5, 0, 2 )

[node name="SKM_Ninny_collada7" parent="TeamOrange" instance=ExtResource( 2 )]
transform = Transform( 1, 0, 0, 0, 1, 0, 0, 0, 1, -2.5, 0, 3 )

[node name="SKM_Ninny_collada8" parent="TeamOrange" instance=ExtResource( 2 )]
transform = Transform( 0.79214, 0, 0.610339, 0, 1, 0, -0.610339, 0, 0.79214, -6.41513, 1.76393, 0.959639 )

[node name="SKM_Ninny_collada9" parent="TeamOrange" instance=ExtResource( 2 )]
transform = Transform( 0.998502, 0, -0.0547062, 0, 1, 0, 0.0547062, 0, 0.998502, -6.51399, 1.87045, 0.232984 )

[node name="SKM_Ninny_collada10" parent="TeamOrange" instance=ExtResource( 2 )]
transform = Transform( 0.813101, 0, -0.582123, 0, 1, 0, 0.582123, 0, 0.813101, -6.02088, 1.85135, -0.60369 )

[node name="SKM_Nigaud_collada" parent="TeamOrange" instance=ExtResource( 3 )]
transform = Transform( 1, 0, 0, 0, 1, 0, 0, 0, 1, -3.5, 0, -2 )

[node name="SKM_Nigaud_collada2" parent="TeamOrange" instance=ExtResource( 3 )]
transform = Transform( 1, 0, 0, 0, 1, 0, 0, 0, 1, -3.5, 0, -1 )

[node name="SKM_Nigaud_collada3" parent="TeamOrange" instance=ExtResource( 3 )]
transform = Transform( 1, 0, 0, 0, 1, 0, 0, 0, 1, -3.5, 0, 1 )

[node name="SKM_Nigaud_collada4" parent="TeamOrange" instance=ExtResource( 3 )]
transform = Transform( 1, 0, 0, 0, 1, 0, 0, 0, 1, -3.5, 0, 2 )

[node name="SKM_Genie_collada" parent="TeamOrange" instance=ExtResource( 1 )]
transform = Transform( 1, 0, 0, 0, 1, 0, 0, 0, 1, -3.5, 0, 0 )

[node name="SM_BoardWall_Tron_01_A_1" parent="." instance=ExtResource( 8 )]

[node name="SM_BoardProjectors_Tron_01_A_1" parent="." instance=ExtResource( 9 )]
transform = Transform( 1, 0, 0, 0, 1, 0, 0, 0, 1, 0, 0.65, 0 )

[node name="SM_HeadQuartersPlatform_Tron_02_A_1" parent="." instance=ExtResource( 10 )]
transform = Transform( 1, 0, 0, 0, 1, 0, 0, 0, 1, -7.7, 0.66, 0 )

[node name="SM_HeadQuartersPlatform_Tron_02_A_2" parent="." instance=ExtResource( 10 )]
transform = Transform( 1, 0, 0, 0, 1, 0, 0, 0, 1, 7.7, 0.66, 0 )

[node name="WorldEnvironment" type="WorldEnvironment" parent="."]
environment = SubResource( 1 )
